@misc{kostecki2008,
author = "Ryszard {K}ostecki",
title = "W miare krï¿½tki i praktyczny kurs {LATEX-a} w {\pi}-e minut",
year = "2008",
url = "http://www.fuw.edu.pl/~kostecki/kurs_latexa.pdf"
}